<record><leader>00000cas a22000007a 4500</leader><controlfield tag="001">8807315</controlfield><controlfield tag="008">820925d18461849hiuwr ne      0    0eng  </controlfield><datafield ind1=" " ind2=" " tag="010"><subfield code="a">sn 82014680 </subfield></datafield><datafield ind1=" " ind2=" " tag="040"><subfield code="a">DLC</subfield><subfield code="b">eng</subfield><subfield code="c">DLC</subfield><subfield code="d">NPX</subfield><subfield code="d">HWN</subfield><subfield code="d">DLC</subfield><subfield code="d">HWN</subfield><subfield code="d">MGN</subfield><subfield code="d">CNK</subfield><subfield code="d">OCL</subfield><subfield code="d">DLC</subfield><subfield code="d">OCLCG</subfield><subfield code="d">UKMGB</subfield><subfield code="d">OCLCO</subfield><subfield code="d">OCLCF</subfield><subfield code="d">DLC</subfield><subfield code="d">CUS</subfield></datafield><datafield ind1="7" ind2=" " tag="016"><subfield code="a">013917125</subfield><subfield code="2">Uk</subfield></datafield><datafield ind1=" " ind2=" " tag="019"><subfield code="a">243880250</subfield></datafield><datafield ind1=" " ind2=" " tag="042"><subfield code="a">msc</subfield></datafield><datafield ind1=" " ind2=" " tag="043"><subfield code="a">n-us-hi</subfield></datafield><datafield ind1="0" ind2="0" tag="050"><subfield code="a">Newspaper 7554</subfield></datafield><datafield ind1="1" ind2="4" tag="050"><subfield code="a">AN</subfield></datafield><datafield ind1="0" ind2="0" tag="245"><subfield code="a">Sandwich Islands news.</subfield></datafield><datafield ind1=" " ind2=" " tag="260"><subfield code="a">Honolulu, Oahu, Hawaii :</subfield><subfield code="b">J. Peacock,</subfield><subfield code="c">1846-</subfield></datafield><datafield ind1=" " ind2=" " tag="300"><subfield code="a">v. ;</subfield><subfield code="c">44-68 cm.</subfield></datafield><datafield ind1=" " ind2=" " tag="310"><subfield code="a">Weekly</subfield></datafield><datafield ind1="0" ind2=" " tag="362"><subfield code="a">Vol. 1, no. 1 (Sept. 2, 1846)-</subfield></datafield><datafield ind1="1" ind2=" " tag="362"><subfield code="a">Ceased Apr. 14, 1849.</subfield></datafield><datafield ind1=" " ind2=" " tag="500"><subfield code="a">Publisher: Nov. 1847-&lt;1848&gt;, W.J. Wilson.</subfield></datafield><datafield ind1=" " ind2=" " tag="500"><subfield code="a">Printer: James Peacock, &lt;1846&gt;.</subfield></datafield><datafield ind1=" " ind2=" " tag="500"><subfield code="a">Editors: 1846-&lt;1847&gt; A.G. Abell, R.C. Janion, J.B. de Fiennes; Jan.-Feb. 1848, J.G. Munn; Feb. 1848-1849, E.A. Rockwell.</subfield></datafield><datafield ind1=" " ind2=" " tag="500"><subfield code="a">"Devoted to horizontal and vertical criticism of the Hawaiian regime." Cf. Greer, R.A. "Honolulu in 1847." Hawaiian journal of hist. 4 (1970): 59-88.</subfield></datafield><datafield ind1=" " ind2=" " tag="515"><subfield code="a">Not published Aug. 26-Nov. 3, 1847.</subfield></datafield><datafield ind1=" " ind2=" " tag="525"><subfield code="a">Supplements accompany some numbers.</subfield></datafield><datafield ind1=" " ind2=" " tag="550"><subfield code="a">"Edited by a committee of foreign residents", 1846-Aug. 1847.</subfield></datafield><datafield ind1=" " ind2="0" tag="651"><subfield code="a">Hawaii</subfield><subfield code="v">Newspapers.</subfield></datafield><datafield ind1=" " ind2="7" tag="651"><subfield code="a">Hawaii.</subfield><subfield code="2">fast</subfield><subfield code="0">(OCoLC)fst01208724</subfield></datafield><datafield ind1=" " ind2="7" tag="655"><subfield code="a">Newspapers.</subfield><subfield code="2">fast</subfield><subfield code="0">(OCoLC)fst01423814</subfield></datafield><datafield ind1="1" ind2=" " tag="700"><subfield code="a">Abell, Alexander G.</subfield></datafield><datafield ind1="1" ind2=" " tag="700"><subfield code="a">Janion, Robert C.</subfield></datafield><datafield ind1="1" ind2=" " tag="700"><subfield code="a">de Fiennes, J. B.</subfield></datafield><datafield ind1="1" ind2=" " tag="700"><subfield code="a">Munn, John Graves,</subfield><subfield code="d">1797-1869.</subfield></datafield><datafield ind1="1" ind2=" " tag="700"><subfield code="a">Rockwell, E. A.,</subfield><subfield code="d">1826-1877.</subfield></datafield><datafield ind1=" " ind2=" " tag="752"><subfield code="a">United States</subfield><subfield code="b">Hawaii</subfield><subfield code="c">Honolulu</subfield><subfield code="d">Honolulu.</subfield></datafield><datafield ind1="4" ind2="1" tag="856"><subfield code="3">09/02/1846 to 12/23/1846</subfield><subfield code="u">http://infoweb.newsbank.com/?db=EANX&amp;s_browseRef=decades/1134323A88DEC850/all.xml</subfield></datafield><datafield ind1="1" ind2=" " tag="029"><subfield code="a">AU@</subfield><subfield code="b">000025820923</subfield></datafield></record>